@article{Lam98,
 author = {Lamport, Leslie},
 title = {The part-time parliament},
 journal = {ACM Trans. Comput. Syst.},
 volume = {16},
 month = {May},
 year = {1998},
 issn = {0734-2071},
 pages = {133--169},
 publisher = {ACM},
 address = {New York, NY, USA},
} 

@article{Lam01,
 author = {Lamport, Leslie},
 title = {Paxos made simple},
 journal = {ACM SIGACT News 32},
 volume = {16},
 month = {December},
 year = {2001},
 issn = {0734-2071},
 pages = {133--169},
 publisher = {ACM},
 address = {New York, NY, USA},
} 

@INPROCEEDINGS{CGR07,
  author = {Chandra, Tushar D. and Griesemer, Robert and Redstone, Joshua},
  title = {Paxos made live: an engineering perspective},
  booktitle = {PODC '07: Proceedings of the twenty-sixth annual ACM symposium on
	Principles of distributed computing},
  year = {2007},
  pages = {398--407},
  address = {New York, NY, USA},
  publisher = {ACM},
  isbn = {978-1-59593-616-5},
}

@INPROCEEDINGS{AK08,
  author = {Kirsch, Jonathan and Amir, Yair},
  title = {Paxos for System Builders: an overview},
  booktitle = {LADIS '08: Proceedings of the 2nd Workshop on Large-Scale Distributed
	Systems and Middleware},
  year = {2008},
  pages = {1--6},
  address = {New York, NY, USA},
  publisher = {ACM},
  isbn = {978-1-60558-296-2},
}

@phdthesis{Urb03,
  author = {P{\'{e}}ter Urb{\'{a}}n},
  title = {Evaluating the Performance of Distributed Agreement Algorithms: Tools, Methodology and Case Studies},
  school = {{\'{E}}cole Polytechnique F{\'{e}}d{\'{e}}rale de Lausanne},
  year = {2003},
  address = {Switzerland},
  month = {August},
  note = {Number 2824}
}
